<record><leader>00000cas a22000007a 4500</leader><controlfield tag="001">12744540</controlfield><controlfield tag="008">851031d19221924inudn ne      0    0eng d</controlfield><datafield ind1=" " ind2=" " tag="010"><subfield code="a">sn 85048134 </subfield></datafield><datafield ind1=" " ind2=" " tag="040"><subfield code="a">NPI</subfield><subfield code="b">eng</subfield><subfield code="c">NPI</subfield><subfield code="d">OCLCQ</subfield><subfield code="d">NPI</subfield><subfield code="d">OCLCQ</subfield></datafield><datafield ind1=" " ind2=" " tag="042"><subfield code="a">msc</subfield></datafield><datafield ind1="0" ind2="4" tag="245"><subfield code="a">The Evening news and The Jeffersonville star.</subfield></datafield><datafield ind1=" " ind2=" " tag="260"><subfield code="a">Jeffersonville, Ind. :</subfield><subfield code="b">News &amp; Journal,</subfield><subfield code="c">1922-1924.</subfield></datafield><datafield ind1=" " ind2=" " tag="300"><subfield code="a">4 v. :</subfield><subfield code="b">ill.</subfield></datafield><datafield ind1=" " ind2=" " tag="310"><subfield code="a">Daily (except Sun.)</subfield></datafield><datafield ind1="0" ind2=" " tag="362"><subfield code="a">Vol. 49, no. 294 (Jan. 1, 1922)-v. 52, no. 171 (June 6, 1924).</subfield></datafield><datafield ind1=" " ind2=" " tag="580"><subfield code="a">Published also in a weekly edition called: Clark County journal.</subfield></datafield><datafield ind1=" " ind2=" " tag="752"><subfield code="a">United States</subfield><subfield code="b">Indiana</subfield><subfield code="c">Clark</subfield><subfield code="d">Jeffersonville.</subfield></datafield><datafield ind1="1" ind2=" " tag="775"><subfield code="t">Clark County journal</subfield><subfield code="w">(DLC)sn 84045432</subfield></datafield><datafield ind1="0" ind2="4" tag="780"><subfield code="t">Evening news (Jeffersonville, Ind. : 1897)</subfield><subfield code="w">(DLC)sn 85048138</subfield></datafield><datafield ind1="0" ind2="4" tag="780"><subfield code="t">Jeffersonville star</subfield><subfield code="w">(DLC)sn 85048095</subfield></datafield><datafield ind1="0" ind2="0" tag="785"><subfield code="t">Evening news (Jeffersonville, Ind. : 1924)</subfield><subfield code="w">(DLC)sn 84045430</subfield></datafield></record>